@misc{PythonVsCpp,
  title = {{Python 3 speed / C++ gcc speed}},
  howpublished = "\url{http://shootout.alioth.debian.org/u32/benchmark.php?test=all&lang=python3&lang2=gpp}", 
}
@misc{Pep8,
  title = {{PEP 8 -- Style Guide for Python Code }},
  howpublished = "\url{http://www.python.org/dev/peps/pep-0008/}", 
}
@InProceedings{PythranRenpar,
author = {Serge GUELTON},
title = {Pythran : Génération automatique de modules natifs
parallèles pour Python avec annotations OpenMP},
booktitle = {ComPAS2013},
year = {2013}
}
